<?xml version="1.0" encoding="utf-8"?>
<record xmlns="http://www.loc.gov/MARC21/slim" xmlns:xsi="http://www.w3.org/2001/XMLSchema-instance" xsi:schemaLocation="http://www.loc.gov/MARC21/slim http://www.loc.gov/standards/marcxml/schema/MARC21slim.xsd">
	<leader>     nam a22     Mi 4500</leader>
	<controlfield tag="001">b1283340x</controlfield>
	<controlfield tag="003">UaCaAUL</controlfield>
	<controlfield tag="006">m        d        </controlfield>
	<controlfield tag="007">cr cn |||m|||a</controlfield>
	<controlfield tag="008">190222s1953    ua a    o     000 0 ara d</controlfield>
	<datafield ind1=" " ind2=" " tag="040">
		<subfield code="a">ZYU</subfield>
		<subfield code="b">ara</subfield>
		<subfield code="e">rda</subfield>
		<subfield code="c">ZYU</subfield>
	</datafield>
	<datafield ind1=" " ind2=" " tag="043">
		<subfield code="a">f-ua---</subfield>
	</datafield>
	<datafield ind1=" " ind2="4" tag="050">
		<subfield code="a">DT107.83</subfield>
		<subfield code="b">.H38 1953</subfield>
	</datafield>
	<datafield ind1="1" ind2=" " tag="100">
		<subfield code="6">880-01</subfield>
		<subfield code="a">Ḥassūnah, Muḥammad Amīn.</subfield>
	</datafield>
	<datafield ind1="1" ind2="0" tag="245">
		<subfield code="6">880-02</subfield>
		<subfield code="a">23 Yūliyah, thawrat al-taḥrīr fī ʻām :</subfield>
		<subfield code="b">sijill tārīkhī kāmil wa-ʻarḍ shāmil li-thawrat al-taḥrīr wa-bawāʻithihā, wa-taḥlīl li-shakhsīyat al-raʼīs Muḥammad Najīb wa-ṣaḥbihi al-abṭāl, wa-mā sannatahu ḥukūmat al-thawrah fī madá ʻām, min tashrīʻāt wa-ḥarakat iṣlāḥ, wa-taḥrīr Miṣr min al-malakīyah wa-nayr al-shaqāʼ, wa-al-istiʻbād al-siyāsie wa-al-iqtiṣādī wa-al-ijtimāʻī wa-iʻlān al-Jumhūrīyah /</subfield>
		<subfield code="c">bi-qalam Muḥammad Amīn Ḥassūnah.</subfield>
	</datafield>
	<datafield ind1="3" ind2=" " tag="246">
		<subfield code="6">880-03</subfield>
		<subfield code="a">Thalāthah wa-ʻushrūn Yūliyah</subfield>
	</datafield>
	<datafield ind1=" " ind2="1" tag="264">
		<subfield code="6">880-04</subfield>
		<subfield code="a">al-Qāhirah :</subfield>
		<subfield code="b">Jarīdah al-Ṣabāḥ,</subfield>
		<subfield code="c">[1953].</subfield>
	</datafield>
	<datafield ind1=" " ind2=" " tag="300">
		<subfield code="a">online resource (146 pages) :</subfield>
		<subfield code="b">illustrations</subfield>
	</datafield>
	<datafield ind1=" " ind2=" " tag="336">
		<subfield code="a">text</subfield>
		<subfield code="2">rdacontent</subfield>
	</datafield>
	<datafield ind1=" " ind2=" " tag="337">
		<subfield code="a">computer</subfield>
		<subfield code="2">rdamedia</subfield>
	</datafield>
	<datafield ind1=" " ind2=" " tag="338">
		<subfield code="a">online resource</subfield>
		<subfield code="2">rdacarrier</subfield>
	</datafield>
	<datafield ind1=" " ind2=" " tag="500">
		<subfield code="6">880-05</subfield>
		<subfield code="a">Akhrajatahu wa-ṭabaʻatahu jarīdat ((al-Ṣabāḥ)) bi-al-Qāhirah ʻalá nafaqatihā wa-ḥuqūq al-ṭabʻ wa-al-nashr wa-al-naql maḥfūẓah bi-ismihā.</subfield>
	</datafield>
	<datafield ind1=" " ind2=" " tag="500">
		<subfield code="a">Date concluded from introduction.</subfield>
	</datafield>
	<datafield ind1=" " ind2=" " tag="500">
		<subfield code="a">Part of the Arabic Collections Online (ACO) project, contributed by American University in Cairo Library.</subfield>
	</datafield>
	<datafield ind1=" " ind2=" " tag="533">
		<subfield code="a">Electronic reproduction.</subfield>
		<subfield code="b">New York, N.Y. :</subfield>
		<subfield code="c">New York University,</subfield>
		<subfield code="d">2019.</subfield>
		<subfield code="5">NNU</subfield>
	</datafield>
	<datafield ind1=" " ind2="0" tag="651">
		<subfield code="a">Egypt</subfield>
		<subfield code="x">History</subfield>
		<subfield code="y">1952-</subfield>
	</datafield>
	<datafield ind1=" " ind2="0" tag="651">
		<subfield code="a">Egypt</subfield>
		<subfield code="x">Political and government</subfield>
		<subfield code="y">1882-1952.</subfield>
	</datafield>
	<datafield ind1=" " ind2="7" tag="651">
		<subfield code="a">Egypt.</subfield>
		<subfield code="2">fast</subfield>
		<subfield code="0">(OCoLC)fst01208755</subfield>
	</datafield>
	<datafield ind1=" " ind2="7" tag="648">
		<subfield code="a">Since 1882</subfield>
		<subfield code="2">fast</subfield>
	</datafield>
	<datafield ind1=" " ind2="7" tag="655">
		<subfield code="a">History.</subfield>
		<subfield code="2">fast</subfield>
		<subfield code="0">(OCoLC)fst01411628</subfield>
	</datafield>
	<datafield ind1="2" ind2=" " tag="710">
		<subfield code="a">American University in Cairo.</subfield>
		<subfield code="b">Library.</subfield>
	</datafield>
	<datafield ind1="0" ind2=" " tag="730">
		<subfield code="a">Arabic Collections Online.</subfield>
	</datafield>
	<datafield ind1="0" ind2="8" tag="776">
		<subfield code="i">Print version:</subfield>
		<subfield code="a">Ḥassūnah, Muḥammad Amīn.</subfield>
		<subfield code="t">23 Yūliyah, thawrat al-taḥrīr fī ʻām</subfield>
		<subfield code="w">(UaCaAUL)b1283340x</subfield>
		<subfield code="w">(OCoLC)122955521</subfield>
	</datafield>
	<datafield ind1="4" ind2="0" tag="856">
		<subfield code="u">http://hdl.handle.net/2333.1/4mw6mj1j</subfield>
	</datafield>
	<datafield ind1="1" ind2=" " tag="880">
		<subfield code="6">100-01</subfield>
		<subfield code="a">حسونة، محمد أمين.</subfield>
	</datafield>
	<datafield ind1="1" ind2="0" tag="880">
		<subfield code="6">245-02</subfield>
		<subfield code="a">23 يولية، ثورة التحرير في عام :</subfield>
		<subfield code="b">سجل تاريخي كامل وعرض شامل لثورة التحرير وبواعثها، وتحليل لشخسية الرئيس محمد نجيب وصحبه الابطال، وما سنته حكومة الثورة في مدى عام، من تشريعات وحركة اصلاح، وتحرير مصر من الملكية ونير الشقاء، والاستعباد السياس والاقتصادي والاجتماعى واعلان الجمهورية /</subfield>
		<subfield code="c">بقلم محمد أمين حسونة.</subfield>
	</datafield>
	<datafield ind1="3" ind2=" " tag="880">
		<subfield code="6">246-03</subfield>
		<subfield code="a">ثلاثة وعشرون يوليه</subfield>
	</datafield>
	<datafield ind1=" " ind2="1" tag="880">
		<subfield code="6">264-04</subfield>
		<subfield code="a">القاهرة :</subfield>
		<subfield code="b">جريدة الصباح،</subfield>
		<subfield code="c">[1953].</subfield>
	</datafield>
	<datafield ind1=" " ind2=" " tag="880">
		<subfield code="6">500-05</subfield>
		<subfield code="a">أخرجته وطبعته جريدة ((الصباح)) بالقاهرة على نفقتها وحقوق الطبع والنشر والنقل محفوظة باسمها.</subfield>
	</datafield>
	<datafield ind1=" " ind2=" " tag="959">
		<subfield code="a">NNU</subfield>
		<subfield code="b">WEB</subfield>
		<subfield code="c">GENI</subfield>
		<subfield code="t">0</subfield>
		<subfield code="m">Electronic access</subfield>
		<subfield code="s">01</subfield>
	</datafield>
	<datafield ind1=" " ind2=" " tag="999">
		<subfield code="i">UaCaAUL_b1283340x</subfield>
		<subfield code="o">(OCoLC)ocn122955521</subfield>
		<subfield code="s">auc_aco000448</subfield>
	</datafield>
</record>
